@article{intro1,
	title={Применение искусственных нейронных сетей для поиска объектов на медицинских изображениях},
	author={А.~В.~Руденко and М.~А.~Руденко and И.~Л.~Каширина},
	journal={Моделирование, оптимизация и информационные технологии},
	pages={480},
	year={2024}
}

@article{intro2,
	title={Способ распознавания назначенного донного объектах},
	author={В.~С.~Быкова and А.~И.~Машошин and А.~С.~Смирнов},
	year={2024}
}

@article{cnn,
	title={ПРИМЕНЕНИЕ СВЕРТОЧНЫХ НЕЙРОННЫХ СЕТЕЙ ДЛЯ ПОИСКА ОБЪЕКТОВ НА ИЗОБРАЖЕНИЯХ},
	author={Д.~А.~Дасаева and В.~В.~Мокшин},
	journal={ИНФОРМАЦИОННЫЕ СИСТЕМЫ И ТЕХНОЛОГИИ},
	year={2021}
}

@article{cnndef,
	title={АНАЛИЗ ПОНЯТИЙ НЕЙРОННАЯ СЕТЬ И СВЕРТОЧНАЯ НЕЙРОННАЯ СЕТЬ, ОБУЧЕНИЕ СВЕРТОЧНОЙ НЕЙРОСЕТИ ПРИ ПОМОЩИ МОДУЛЯ TENSORFLOW},
	author={И.~И.~Багаев},
	journal={Математическое и программное обеспечение в промышленной и социальной сферах},
	year={2020}
}

@article{task,
	title={Поиск объектов на изображениях с использованием TensorFlow Object Detection},
	author={Е.~Ю.~Митрофанова},
	year={2022}
}

@article{base,
	title={СРАВНЕНИЕ YOLOV5 И FASTERR-CNN ДЛЯ ОБНАРУЖЕНИЯ ЛЮДЕЙ НА ИЗОБРАЖЕНИИ В ПОТОКОВОМ РЕЖИМЕ},
	author={М.~С.~Тимошкин and А.~Н.~Миронов and А.~С.~Леонтьев},
	journal={Международный научно--исследовательский журнал},
	year={2022}
}

@article{all,
	title={Understanding of Object Detection Based on CNN Family and YOLO},
	author={Juan~Du},
	journal={Journal of Physics: Conference Series},
	year={2018}
}

@article{yolochina,
	title={Research on Image Recognition of Tuberculosis Lesions by Minimally Invasive Surgical Robot Based on YOLOv2},
	journal={ARTIFICIAL INTELLIGENCE AND ROBOTICS RESEARCH},
	author={Guo~Yu and Zhuerhan and Fan~Zheming and Zhang~Xinyang and Lu~Xinyu and Xu~Shuai and Wang~Fengfeng},
	year={2024}
}

@article{yolobase,
	title={YOLO9000: Better, Faster, Stronger},
	author={Joseph~Redmon and Ali~Farhadi},
	year={2017}
}

@article{rcnn,
	title={АНАЛИЗ АЛГОРИТМОВ ПОИСКА ОБЪЕКТОВ НА ИЗОБРАЖЕНИЯХ С ИСПОЛЬЗОВАНИЕМ РАЗЛИЧНЫХ МОДИФИКАЦИЙ СВЕРТОЧНЫХ НЕЙРОННЫХ СЕТЕЙ},
	journal={ВЕСТНИК ВГУ, СЕРИЯ: СИСТЕМНЫЙ АНАЛИЗ И ИНФОРМАЦИОННЫЕ ТЕХНОЛОГИИ},
	author={А.~А.~Сирота and Е.~Ю.~Митрофанова and А.~И.~Милованова},
	year={2019}
}

@article{fasterrcnn,
	title={A Fusion Steganographic Algorithm Based on Faster R-CNN},
	journal={Tech Science Press},
	author={Ruohan~Meng and Steven~G.~Rice and Jin~Wang and Xingming~Sun},
	year={2018}
}

@article{cmp,
	title={СРАВНЕНИЕ ЭФФЕКТИВНОСТИ ОБНАРУЖЕНИЯ ОБЪЕКТОВ СОВРЕМЕННЫХ	СВЕРТОЧНЫХ НЕЙРОННЫХ СЕТЕЙ},
	journal={ИНФОРМАТИКА, УПРАВЛЯЮЩИЕ СИСТЕМЫ, МАТЕМАТИЧЕСКОЕ И КОМПЬЮТЕРНОЕ МОДЕЛИРОВАНИЕ (ИУСМКМ-2020)},
	author={С.~Ю.~Колбасов and Ю.~К.~Орлов},
	year={2020}
}
